<?xml version="1.0" encoding="UTF-8"?><record xmlns="http://www.loc.gov/MARC21/slim" xmlns:cinclude="http://apache.org/cocoon/include/1.0" xmlns:zs="http://www.loc.gov/zing/srw/">
  <leader>00383nz  a2200133n  4500</leader>
  <controlfield tag="001">no 97077159 </controlfield>
  <controlfield tag="003">DLC</controlfield>
  <controlfield tag="005">19971220061343.0</controlfield>
  <controlfield tag="008">971219n| acannaab|          |n aaa     c</controlfield>
  <datafield tag="010" ind1=" " ind2=" ">
    <subfield code="a">no 97077159 </subfield>
  </datafield>
  <datafield tag="035" ind1=" " ind2=" ">
    <subfield code="a">(OCoLC)oca04561751 </subfield>
  </datafield>
  <datafield tag="040" ind1=" " ind2=" ">
    <subfield code="a">MBU-T</subfield>
    <subfield code="c">MBU-T</subfield>
  </datafield>
  <datafield tag="100" ind1="1" ind2="0">
    <subfield code="a">Gye, W.</subfield>
  </datafield>
  <datafield tag="670" ind1=" " ind2=" ">
    <subfield code="a">Collection of hymns : universally sung ... 1770:</subfield>
    <subfield code="b">t.p. (Bath [England]: printed and sold by W. Gye)</subfield>
  </datafield>
</record>